@article{sauvola00pr,
    author = {J. Sauvola and M. Pietik√§inen},
    title = {Adaptive document image binarization},
    journal = {PATTERN RECOGNITION},
    year = {2000},
    volume = {33},
    pages = {225--236}
}

@Article{besl.1992.pami,
	author = "P.J. Besl and N.D. McKay",
	title = "A Method for Registration of 3-D Shapes",
	journal = "IEEE Transactions on Pattern Analysis and Machine Intelligence",
	volume = "14",
	issn = "0162-8828",
	year = "1992",
	pages = "239--256",
	doi = "http://doi.ieeecomputersociety.org/10.1109/34.121791",
	publisher = "IEEE Computer Society",
	address = "Los Alamitos, CA, USA"
}

@article{badekas2005ppriaa,
 booktitle = {Progress in Pattern Recognition, Image Analysis and Applications},
 title = {Automatic Evaluation of Document Binarization Results},
 pages = {1005--1014},
 year = {2005},
 author = {E. Badekas and N. Papamarkos}
}

@article{shafait2008drr,
 author = {Faisal Shafait and Daniel Keysers and Thomas M. Breuel},
 title = {Efficient Implementation of Local Adaptive Thresholding Techniques Using Integral Images},
 journal = {Document Recognition and Retrieval XV},
 year = {2008},
 address = {San Jose, CA},
 month = {Jan}
}